@inproceedings{halfond2006classification,
  title={A classification of SQL-injection attacks and countermeasures},
  author={Halfond, William G and Viegas, Jeremy and Orso, Alessandro and others},
  booktitle={Proceedings of the IEEE international symposium on secure software engineering},
  volume={1},
  pages={13--15},
  year={2006},
  organization={IEEE}
}

@article{anley2002advanced,
  title={Advanced SQL injection in SQL server applications},
  author={Anley, Chris},
  year={2002}
}

@article{goel2015vulnerability,
  title={Vulnerability assessment \& penetration testing as a cyber defence technology},
  author={Goel, Jai Narayan and Mehtre, BM},
  journal={Procedia Computer Science},
  volume={57},
  pages={710--715},
  year={2015},
  publisher={Elsevier}
}

@article{shar2012defeating,
  title={Defeating SQL injection},
  author={Shar, Lwin Khin and Tan, Hee Beng Kuan},
  journal={Computer},
  volume={46},
  number={3},
  pages={69--77},
  year={2012},
  publisher={IEEE}
}

@inproceedings{fonseca2007testing,
  title={Testing and comparing web vulnerability scanning tools for SQL injection and XSS attacks},
  author={Fonseca, Jose and Vieira, Marco and Madeira, Henrique},
  booktitle={13th Pacific Rim international symposium on dependable computing (PRDC 2007)},
  pages={365--372},
  year={2007},
  organization={IEEE}
}

@inproceedings{rietta2006application,
  title={Application layer intrusion detection for SQL injection},
  author={Rietta, Frank S},
  booktitle={Proceedings of the 44th annual Southeast regional conference},
  pages={531--536},
  year={2006}
}

@misc{spett2002sql,
  title={SQL injection},
  author={Spett, Kevin},
  year={2002},
  publisher={Whitepaper}
}

@article{maor2004sql,
  title={SQL injection signatures evasion},
  author={Maor, Ofer and Shulman, Amichai},
  journal={Imperva, Inc., Apr},
  year={2004}
}

@inproceedings{antunes2009detecting,
  title={Detecting SQL injection vulnerabilities in web services},
  author={Antunes, Nuno and Vieira, Marco},
  booktitle={2009 Fourth Latin-American Symposium on Dependable Computing},
  pages={17--24},
  year={2009},
  organization={IEEE}
}

@MISC{Milkovich:2013,
author = {Milkovich, Devon},
title = {15 Alarming Cyber Security Facts and Stats},
month = September,
year = {2019},
howpublished={\url{https://www.cybintsolutions.com/cyber-security-facts-stats/}}
}

@MISC{W3schools,
author = {W3schools},
title = {SQL injection},
month = September,
year = {2020},
howpublished={\url{https://www.w3schools.com/sql/sql_injection.asp}}
}

@MISC{SoftwareT,
author = {Software Testing Help},
title = {SQL Injection Testing Tutorial},
month = April,
year = {2020},
howpublished={\url{https://www.softwaretestinghelp.com/sql-injection-how-to-test-application-for-sql-injection-attacks/}}
}

@MISC{automate2006,
author = {Beaver, Kevin},
title = {Automate SQL injection testing},
month = January,
year = {2006},
howpublished={\url{https://searchsecurity.techtarget.com/tip/Automate-SQL-injection-testing}}
}

@MISC{fuzzmisc,
author = {unkown},
title = {Fuzz Testing (Fuzzing) in Software Testing},
month = MISC,
year = {MISC},
howpublished={\url{https://www.softwaretestingclass.com/fuzz-testing/}}
}
@article{arora2013secure,
  title={Secure user data in cloud computing using encryption algorithms},
  author={Arora, Rachna and Parashar, Anshu and Transforming, Cloud Computing Is},
  journal={International journal of engineering research and applications},
  volume={3},
  number={4},
  pages={1922--1926},
  year={2013}
}
@article{zissis2012addressing,
  title={Addressing cloud computing security issues},
  author={Zissis, Dimitrios and Lekkas, Dimitrios},
  journal={Future Generation computer systems},
  volume={28},
  number={3},
  pages={583--592},
  year={2012},
  publisher={Elsevier}
}
@article{mansouri2020automated,
  title={An automated implementation of hybrid cloud for performance evaluation of distributed databases},
  author={Mansouri, Yaser and Prokhorenko, Victor and Babar, M Ali},
  journal={Journal of Network and Computer Applications},
  pages={102740},
  year={2020},
  publisher={Elsevier}
}
@inproceedings{wenzhen2020design,
  title={Design of Border Security Defense System for VPN Network in Power Enterprises},
  author={WenZhen, Ma and MingChang, Xu},
  booktitle={Journal of Physics: Conference Series},
  volume={1617},
  number={1},
  pages={012011},
  year={2020},
  organization={IOP Publishing}
}

@article{venkateswaran2001virtual,
  title={Virtual private networks},
  author={Venkateswaran, Ramachandran},
  journal={IEEE potentials},
  volume={20},
  number={1},
  pages={11--15},
  year={2001},
  publisher={IEEE}
}
@article{wang2010cloud,
  title={Cloud computing: a perspective study},
  author={Wang, Lizhe and Von Laszewski, Gregor and Younge, Andrew and He, Xi and Kunze, Marcel and Tao, Jie and Fu, Cheng},
  journal={New Generation Computing},
  volume={28},
  number={2},
  pages={137--146},
  year={2010},
  publisher={Springer}
}
@misc{brooks_2014,
 title={What is SQL?},
 url={https://www.businessnewsdaily.com/5804-what-is-sql.html},
 journal={Business News Daily},
 author={Brooks, Chad},
 year={2014},
 month={Jan}
 } 
@article{baraani1996security,
  title={Security in databases: A survey study},
  author={Baraani-Dastjerdi, Ahmad and Pieprzyk, Josef and Safavi-Naini, Reihaneh},
  journal={Department of Computer Science, The University of Wollongong, Wollongong, Australia},
  year={1996},
  publisher={Citeseer}
}
@article{ryder2010sql,
  title={Sql Injection Attacks and Countermeasures: a Survey of Website Development Practices},
  author={Ryder, Evan},
  year={2010},
  publisher={Regis University, Dayton Memorial Library}
}
@article{sun2007classification,
  title={Classification of SQL injection attacks},
  author={Sun, San-Tsai and Wei, Ting Han and Liu, Stephen and Lau, Sheung},
  journal={Electrical and Computer Engineering, University of British Columbia},
  year={2007}
}
@misc{sqltutorial,
 title={SQL Syntax?},
 url={https://www.sqltutorial.org/sql-syntax/},
 author={Tutorial, SQL},
 year={2018},
 month={Jun}
 }
@article{horner2017sql,
 title={SQL Injection: The longest running sequel in programming history},
 author={Horner, Matthew and Hyslip, Thomas},
 journal={Journal of Digital Forensics, Security and Law},
 volume={12},
 number={2},
 pages={10},
 year={2017}
}